<?xml version="1.0" encoding="utf-8"?>
<record xmlns="http://www.loc.gov/MARC21/slim" xmlns:xsi="http://www.w3.org/2001/XMLSchema-instance" xsi:schemaLocation="http://www.loc.gov/MARC21/slim http://www.loc.gov/standards/marcxml/schema/MARC21slim.xsd">
	<leader>     nam a22        4500</leader>
	<controlfield tag="001">b12282194</controlfield>
	<controlfield tag="003">UaCaAUL</controlfield>
	<controlfield tag="006">m        d        </controlfield>
	<controlfield tag="007">cr cn |||m|||a</controlfield>
	<controlfield tag="008">170907s1904    ua      od    000 0 arar </controlfield>
	<datafield ind1=" " ind2=" " tag="040">
		<subfield code="a">NNU</subfield>
		<subfield code="b">eng</subfield>
		<subfield code="e">rda</subfield>
		<subfield code="c">NNU</subfield>
	</datafield>
	<datafield ind1=" " ind2=" " tag="066">
		<subfield code="c">(3</subfield>
	</datafield>
	<datafield ind1="0" ind2=" " tag="050">
		<subfield code="a">BP189</subfield>
		<subfield code="b">.J8 1904</subfield>
	</datafield>
	<datafield ind1="1" ind2=" " tag="100">
		<subfield code="6">880-01</subfield>
		<subfield code="a">Jurjānī, ʻAlī ibn Muḥammad,</subfield>
		<subfield code="c">al-Sayyid al-Sharīf,</subfield>
		<subfield code="d">1340-1413,</subfield>
		<subfield code="e">author.</subfield>
	</datafield>
	<datafield ind1="1" ind2="0" tag="240">
		<subfield code="6">880-02</subfield>
		<subfield code="a">Taʻrīfāt</subfield>
	</datafield>
	<datafield ind1="1" ind2="0" tag="245">
		<subfield code="6">880-03</subfield>
		<subfield code="a">Hādhā Kitāb al-Taʻrīfāt /</subfield>
		<subfield code="c">lil-fāḍil al-ajall wa-al-humām al-akmal farīd ʻaṣrihi wa-waḥīd dahrihi al-sayyid al-sharīf ʻAlī ibn Muḥammad al-Jurjānī, nafaʻanā Allāh wa-al-muslimīn bi-ʻulūmihi āmīn. Wa-yalīhi Bayān risālat al-iṣṭalāḥāt raʼīs al-ṣūfīyah al-wāridah fī al-Futūḥāt al-Makkīyah.</subfield>
	</datafield>
	<datafield ind1="3" ind2="3" tag="246">
		<subfield code="6">880-04</subfield>
		<subfield code="a">Kitāb al-Taʻrīfāt</subfield>
	</datafield>
	<datafield ind1=" " ind2="1" tag="264">
		<subfield code="6">880-05</subfield>
		<subfield code="a">Miṣr :</subfield>
		<subfield code="b">Ṭubiʻa bi-al-Maṭbaʻah al-Ḥamīdīyah al-Miṣrīyah,</subfield>
		<subfield code="c">1321 H [1904]</subfield>
	</datafield>
	<datafield ind1=" " ind2=" " tag="300">
		<subfield code="a">online resource (179, 10 pages)</subfield>
	</datafield>
	<datafield ind1=" " ind2=" " tag="336">
		<subfield code="a">text</subfield>
		<subfield code="2">rdacontent</subfield>
	</datafield>
	<datafield ind1=" " ind2=" " tag="337">
		<subfield code="a">computer</subfield>
		<subfield code="2">rdamedia</subfield>
	</datafield>
	<datafield ind1=" " ind2=" " tag="338">
		<subfield code="a">online resource</subfield>
		<subfield code="2">rdacarrier</subfield>
	</datafield>
	<datafield ind1=" " ind2=" " tag="500">
		<subfield code="6">880-06</subfield>
		<subfield code="a">Ṭubiʻa ʻalá dhimmat ḥaḍrat Muṣṭafá afandī Fahmī al-Kutbī bi-jiwār al-Azhar al-Sharīf bi-Miṣr.</subfield>
	</datafield>
	<datafield ind1=" " ind2=" " tag="500">
		<subfield code="a">Part of the Arabic Collections Online (ACO) project, contributed by American University in Cairo Library.</subfield>
	</datafield>
	<datafield ind1=" " ind2=" " tag="533">
		<subfield code="a">Electronic reproduction.</subfield>
		<subfield code="b">New York, N.Y. :</subfield>
		<subfield code="c">New York University,</subfield>
		<subfield code="d">2017.</subfield>
		<subfield code="5">NNU</subfield>
	</datafield>
	<datafield ind1=" " ind2="0" tag="650">
		<subfield code="a">Sufism</subfield>
		<subfield code="v">Dictionaries</subfield>
		<subfield code="x">Arabic.</subfield>
	</datafield>
	<datafield ind1=" " ind2="7" tag="650">
		<subfield code="a">Sufism.</subfield>
		<subfield code="2">fast</subfield>
		<subfield code="0">(OCoLC)fst01137257</subfield>
	</datafield>
	<datafield ind1=" " ind2="7" tag="655">
		<subfield code="a">Dictionaries.</subfield>
		<subfield code="2">fast</subfield>
		<subfield code="0">(OCoLC)fst01423826</subfield>
	</datafield>
	<datafield ind1="0" ind2=" " tag="700">
		<subfield code="6">880-07</subfield>
		<subfield code="a">Ibn al-ʻArabī,</subfield>
		<subfield code="d">1165-1240.</subfield>
		<subfield code="t">Taʻrīfāt.</subfield>
	</datafield>
	<datafield ind1="2" ind2=" " tag="710">
		<subfield code="a">American University in Cairo.</subfield>
		<subfield code="b">Library.</subfield>
	</datafield>
	<datafield ind1="0" ind2=" " tag="730">
		<subfield code="a">Arabic Collections Online.</subfield>
	</datafield>
	<datafield ind1="0" ind2=" " tag="740">
		<subfield code="6">880-08</subfield>
		<subfield code="a">Bayān risālat al-iṣṭalāḥāt raʼīs al-ṣūfīyah al-wāridah fī al-Futūḥāt al-Makkīyah</subfield>
	</datafield>
	<datafield ind1="0" ind2="8" tag="776">
		<subfield code="i">Print version:</subfield>
		<subfield code="a">Jurjānī, ʻAlī ibn Muḥammad, al-Sayyid al-Sharīf, 1340-1413, author.</subfield>
		<subfield code="t">Hādhā Kitāb al-Taʻrīfāt</subfield>
		<subfield code="w">(UaCaAUL)b12282194</subfield>
		<subfield code="w">(DLC)ne 68003467 </subfield>
		<subfield code="w">(OCoLC)48434634</subfield>
	</datafield>
	<datafield ind1="4" ind2="0" tag="856">
		<subfield code="u">http://hdl.handle.net/2333.1/mw6m95gg</subfield>
	</datafield>
	<datafield ind1="1" ind2=" " tag="880">
		<subfield code="6">100-01/(3/r</subfield>
		<subfield code="a">جرجاني، علي بن محمد،</subfield>
		<subfield code="c">السيد الشريف،</subfield>
		<subfield code="d">1340-1413.</subfield>
	</datafield>
	<datafield ind1="1" ind2="0" tag="880">
		<subfield code="6">240-02/(3/r</subfield>
		<subfield code="a">‏تعريفات</subfield>
	</datafield>
	<datafield ind1="1" ind2="0" tag="880">
		<subfield code="6">245-03/(3/r</subfield>
		<subfield code="a">هذا كتاب التعريفات /</subfield>
		<subfield code="c">للفاضل الأجل والهمام الأكمل فريد عصره ووحيد دهره السيد الشريف علي بن محمد الجرجاني، نفعنا الله والمسلمين بعلومه آمين. ويليه بيان رسالة اصطلاحات رئيس الصوفية الواردة في الفتوحات المكية.</subfield>
	</datafield>
	<datafield ind1="3" ind2="3" tag="880">
		<subfield code="6">246-04/(3/r</subfield>
		<subfield code="a">كتاب التعريفات</subfield>
	</datafield>
	<datafield ind1=" " ind2="1" tag="880">
		<subfield code="6">264-05/(3/r</subfield>
		<subfield code="a">مصر :</subfield>
		<subfield code="b">طبع بالمطبعة الحميدية المصرية،</subfield>
		<subfield code="c">1321 هـ [1904]</subfield>
	</datafield>
	<datafield ind1=" " ind2=" " tag="880">
		<subfield code="6">500-06/(3/r</subfield>
		<subfield code="a">طبع على ذمة حضرة مصطفى أفندي فهمي الكتبي بجوار الأزهر الشريف بمصر.</subfield>
	</datafield>
	<datafield ind1="0" ind2=" " tag="880">
		<subfield code="6">700-07/(3/r</subfield>
		<subfield code="a">ابن العربي،</subfield>
		<subfield code="d">1165-1240.</subfield>
		<subfield code="t">تعريفات.</subfield>
	</datafield>
	<datafield ind1="0" ind2=" " tag="880">
		<subfield code="6">740-08/(3/r</subfield>
		<subfield code="a">‏بيان رسالة اصطلاحات رئيس الصوفية الواردة في الفتوحات المكية</subfield>
	</datafield>
	<datafield ind1=" " ind2=" " tag="959">
		<subfield code="a">NNU</subfield>
		<subfield code="b">WEB</subfield>
		<subfield code="c">GENI</subfield>
		<subfield code="t">0</subfield>
		<subfield code="m">Electronic access</subfield>
		<subfield code="s">01</subfield>
	</datafield>
	<datafield ind1=" " ind2=" " tag="999">
		<subfield code="i">UaCaAUL_b12282194</subfield>
		<subfield code="o">(OCoLC)ocm48434634</subfield>
		<subfield code="s">auc_aco000194</subfield>
	</datafield>
</record>
